@misc{liu2023gen6d,
	  shorthand={1},
      title={Gen6D: Generalizable Model-Free 6-DoF Object Pose Estimation from RGB Images}, 
      author={Yuan Liu and Yilin Wen and Sida Peng and Cheng Lin and Xiaoxiao Long and Taku Komura and Wenping Wang},
      year={2023},
      eprint={2204.10776},
      archivePrefix={arXiv},
}

}

@article{jia2022quaternions,
  shorthand={2},
  title={Quaternions},
  author={Jia, Yan-Bin},
  year = {2022}
}

@book{Hamilton1866,
	shorthand={3},
	author = {Hamilton, William Rowan and Hamilton, William Edwin},
	keywords = {quaternions},
	location = {London},
	publisher = {Longmans, Green, \& Company},
	title = {Elements of Quaternions},
	year = {1866},
}

@inproceedings{10.1007/978-3-642-37331-2_42,
	shorthand={4},
	author = {Hinterstoisser, Stefan and Lepetit, Vincent and Ilic, Slobodan and Holzer, Stefan and Bradski, Gary and Konolige, Kurt and Navab, Nassir},
	booktitle = {Computer Vision -- ACCV 2012},
	pages = {548--562},
	publisher = {Springer Berlin Heidelberg},
	title = {Model Based Training, Detection and Pose Estimation of Texture-Less 3D Objects in Heavily Cluttered Scenes},
	year = {2013}
}

@misc{lin2017feature,
	  shorthand={5},
      title={Feature Pyramid Networks for Object Detection}, 
      author={Tsung-Yi Lin and Piotr Doll√°r and Ross Girshick and Kaiming He and Bharath Hariharan and Serge Belongie},
      year={2017},
      eprint={1612.03144},
      archivePrefix={arXiv},
}